@INPROCEEDINGS{Banerjee06unravelingdata,
    author = {Utpal Banerjee and Brian Bliss and Zhiqiang Ma and Paul Petersen},
    title = {Unraveling data race detection in the intel thread checker},
    booktitle = {In Proceedings of STMCS â€™06},
    year = {2006}
}


@inproceedings{muzahid2010atomtracker,
  title={Atomtracker: A comprehensive approach to atomic region inference and violation detection},
  author={Muzahid, Abdullah and Otsuki, Norimasa and Torrellas, Josep},
  booktitle={Proceedings of the 2010 43rd Annual IEEE/ACM International Symposium on Microarchitecture},
  pages={287--297},
  year={2010},
  organization={IEEE Computer Society}
}

@inproceedings{smaragdakis2012sound,
  title={Sound predictive race detection in polynomial time},
  author={Smaragdakis, Yannis and Evans, Jacob and Sadowski, Caitlin and Yi, Jaeheon and Flanagan, Cormac},
  booktitle={ACM SIGPLAN Notices},
  volume={47},
  number={1},
  pages={387--400},
  year={2012},
  organization={ACM}
}


@inproceedings{park2010falcon,
  title={Falcon: fault localization in concurrent programs},
  author={Park, Sangmin and Vuduc, Richard W and Harrold, Mary Jean},
  booktitle={Proceedings of the 32nd ACM/IEEE International Conference on Software Engineering-Volume 1},
  pages={245--254},
  year={2010},
  organization={ACM}
}

@inproceedings{burckhardt2010line,
  title={Line-up: a complete and automatic linearizability checker},
  author={Burckhardt, Sebastian and Dern, Chris and Musuvathi, Madanlal and Tan, Roy},
  booktitle={ACM Sigplan Notices},
  volume={45},
  number={6},
  pages={330--340},
  year={2010},
  organization={ACM}
}

@inproceedings{pollux,
 author = {Kalra, Sukrit and Goel, Ayush and Khanna, Dhriti and Dhawan, Mohan and Sharma, Subodh and Purandare, Rahul},
 title = {POLLUX : Safely Upgrading Dependent Application Libraries},
 booktitle = {Proceedings of the 2016 11th Joint Meeting on Foundations of Software Engineering},
 series = {FSE '16},
 year = {2016},
 publisher = {ACM},
 note = {To appear}
}


@inproceedings{liu2014flint,
  title={Flint: fixing linearizability violations},
  author={Liu, Peng and Tripp, Omer and Zhang, Xiangyu},
  booktitle={ACM SIGPLAN Notices},
  volume={49},
  number={10},
  pages={543--560},
  year={2014},
  organization={ACM}
}

@inproceedings{smaragdakis2012sound,
  title={Sound predictive race detection in polynomial time},
  author={Smaragdakis, Yannis and Evans, Jacob and Sadowski, Caitlin and Yi, Jaeheon and Flanagan, Cormac},
  booktitle={ACM SIGPLAN Notices},
  volume={47},
  number={1},
  pages={387--400},
  year={2012},
  organization={ACM}
}

@inproceedings{dhar2015clotho,
  title={CLOTHO: saving programs from malformed strings and incorrect string-handling},
  author={Dhar, Aritra and Purandare, Rahul and Dhawan, Mohan and Rangaswamy, Suresh},
  booktitle={Proceedings of the 2015 10th Joint Meeting on Foundations of Software Engineering},
  pages={555--566},
  year={2015},
  organization={ACM}
}

@misc{bugzilla,
title = {libpq thread test insufficient},
howpublished = {\url{http://www.slony.info/bugzilla/show_bug.cgi?id=40}},

}

@misc{libpq,
title = {Multithreaded SIGPIPE race in libpq on Solaris},
howpublished = {\url{http://postgresql.nabble.com/Multithreaded-SIGPIPE-race-in-libpq-on-Solaris-td5816810.html}},

}

@inproceedings{purandare2013optimizing,
  title={Optimizing monitoring of finite state properties through monitor compaction},
  author={Purandare, Rahul and Dwyer, Matthew B and Elbaum, Sebastian},
  booktitle={Proceedings of the 2013 International Symposium on Software Testing and Analysis},
  pages={280--290},
  year={2013},
  organization={ACM}
}
